@ARTICLE{cerf-kahn-1974,
    author={Cerf, V. and Kahn, R.},
    journal={IEEE Transactions on Communications},
    title={A Protocol for Packet Network Intercommunication},
    year={1974},
    volume={22},
    number={5},
    pages={637-648},
    doi={10.1109/TCOM.1974.1092259},
}